@Manual{R.two.thirteen.zero,
  title = {R: A Language and Environment for Statistical Computing},
  author = {{R Development Core Team}},
  organization = {R Foundation for Statistical Computing},
  address = {Vienna, Austria},
  year = {2011},
  note = {{ISBN} 3-900051-07-0},
  url = {http://www.R-project.org/},
}
